@book{storer_2013, place={Place of publication not identified}, title={Introduction to data structures and algorithms}, publisher={Birkhauser}, author={Storer, J. A.}, year={2013}}
@book{mehlhorn_sanders_2008, place={Berlin}, title={Algorithms and data structures: the basic toolbox}, publisher={Springer}, author={Mehlhorn, Kurt and Sanders, Peter}, year={2008}}
@book{raghuwanshi_2016, place={Oxford, U.K.}, title={Algorithm and data structures}, publisher={Alpha Science International Ltd}, author={Raghuwanshi, M. M.}, year={2016}}
@article{encyclopedia_of_evaluation, title={Practical Assessment, Research and Evaluation (PARE)}, DOI={10.4135/9781412950596.n433}, journal={Encyclopedia of Evaluation Encyclopedia of evaluation}}
@misc{singh, title={TicTacToe game in C}, url={http://cprogrammingnotes.com/question/tic-tac-toe-game.html}, journal={Tic Tac toe Game Program in C}, author={Singh, Deepak}}
@misc{kripac, title={An Efficient Undo/Redo Algorithm}, url={http://www.drdobbs.com/an-efficient-undoredo-algorithm/184404861?pgno=2}, journal={An Efficient Undo/Redo Algorithm}, author={Kripac, Jiri}}
@misc{geeksforgeeks_2018, title={Difference between getc(), getchar(), getch() and getche()}, url={https://www.geeksforgeeks.org/difference-getchar-getch-getc-getche/}, journal={GeeksforGeeks}, author={GeeksForGeeks}, year={2018}, month={Dec}}
@misc{tictactoe_code, title={Mini Project in C Tic Tac Toe Game}, url={https://www.codewithc.com/mini-project-in-c-tic-tac-toe-game/}, journal={TicTacToe Code with C}, year={2015}, month={Jul}}
